@manual{Rust,
	title = {The Rust Programming Language},
	address = {\url{https://www.rust-lang.org/}},
	note = {visited 05/22/2019}
}

@manual{RustStyleGuide,
	title = {Rust Style Guide},
	address = {\url{https://github.com/rust-dev-tools/fmt-rfcs/blob/master/guide/guide.md}},
	note = {visited 05/23/2019}
}

@manual{CratesIO,
	title = {Rust Package Registry},
	address = {\url{https://crates.io/}},
	note = {visited 05/23/2019}
}

@manual{CratesIORing,
	title = {ring},
	address = {\url{https://crates.io/crates/ring}},
	note = {visited 05/23/2019}
}

@manual{CratesIOCrypto,
	title = {rust-crypto},
	address = {\url{https://crates.io/crates/rust-crypto}},
	note = {visited 05/23/2019}
}

@manual{CratesIOSha2,
	title = {sha2},
	address = {\url{https://crates.io/crates/ring}},
	note = {visited 05/23/2019}
}

@manual{Ixy,
	title = {ixy.rs},
	address = {\url{https://github.com/ixy-languages/ixy.rs}},
	note = {visited 05/24/2019}
}

@inproceedings{Chord,
	author = {Stoica, Ion and Morris, Robert and Karger, David and Kaashoek, M. Frans and Balakrishnan, Hari},
	title = {Chord: A Scalable Peer-to-peer Lookup Service for Internet Applications},
	booktitle = {Proceedings of the 2001 Conference on Applications, Technologies, Architectures, and Protocols for Computer Communications},
	series = {SIGCOMM '01},
	year = {2001},
	isbn = {1-58113-411-8},
	location = {San Diego, California, USA},
	pages = {149--160},
	numpages = {12},
	url = {http://doi.acm.org/10.1145/383059.383071},
	doi = {10.1145/383059.383071},
	acmid = {383071},
	publisher = {ACM},
	address = {New York, NY, USA},
}

@article{RFC4291,
	author    = {Robert M. Hinden and
	Stephen E. Deering},
	title     = {{IP} Version 6 Addressing Architecture},
	journal   = {{RFC}},
	volume    = {4291},
	pages     = {1--25},
	year      = {2006},
	url       = {https://doi.org/10.17487/RFC4291},
	doi       = {10.17487/RFC4291},
	timestamp = {Mon, 27 Nov 2017 15:10:59 +0100},
	biburl    = {https://dblp.org/rec/bib/journals/rfc/rfc4291},
	bibsource = {dblp computer science bibliography, https://dblp.org}
}

@inproceedings{EclipseAttacks,
	author    = {Atul Singh and
	Tsuen{-}Wan Ngan and
	Peter Druschel and
	Dan S. Wallach},
	title     = {Eclipse Attacks on Overlay Networks: Threats and Defenses},
	booktitle = {{INFOCOM} 2006. 25th {IEEE} International Conference on Computer Communications,
	Joint Conference of the {IEEE} Computer and Communications Societies,
	23-29 April 2006, Barcelona, Catalunya, Spain},
	year      = {2006},
	crossref  = {DBLP:conf/infocom/2006},
	url       = {https://doi.org/10.1109/INFOCOM.2006.231},
	doi       = {10.1109/INFOCOM.2006.231},
	timestamp = {Tue, 16 May 2017 16:26:33 +0200},
	biburl    = {https://dblp.org/rec/bib/conf/infocom/SinghNDW06},
	bibsource = {dblp computer science bibliography, https://dblp.org}
}

@article{urdaneta2011survey,
  title={A survey of DHT security techniques},
  author={Urdaneta, Guido and Pierre, Guillaume and Steen, Maarten Van},
  journal={ACM Computing Surveys (CSUR)},
  volume={43},
  number={2},
  pages={8},
  year={2011},
  publisher={ACM}
}

@article{stoica2001chord,
  title={Chord: A scalable peer-to-peer lookup service for internet applications},
  author={Stoica, Ion and Morris, Robert and Karger, David and Kaashoek, M Frans and Balakrishnan, Hari},
  journal={ACM SIGCOMM Computer Communication Review},
  volume={31},
  number={4},
  pages={149--160},
  year={2001},
  publisher={ACM}
}
